<collection xmlns="http://www.loc.gov/MARC21/slim">
<record>
  <leader>02557nam0a22003131i 450 </leader>
  <controlfield tag="001">IT\ICCU\CNCE\068846</controlfield>
  <controlfield tag="005">20131202000000.0</controlfield>
  <datafield tag="012" ind1=" " ind2=" ">
    <subfield code="a">erse moe- uae- coer (C) 1571 (A)</subfield>
    <subfield code="2">fei</subfield>
    <subfield code="9">1</subfield>
  </datafield>
  <datafield tag="012" ind1=" " ind2=" ">
    <subfield code="a">a-,&amp; mohe roar raar (C) 1571 (Q)</subfield>
    <subfield code="2">fei</subfield>
    <subfield code="9">2</subfield>
  </datafield>
  <datafield tag="012" ind1=" " ind2=" ">
    <subfield code="a">tae, ono. eale rae. (C) 1571 (A)</subfield>
    <subfield code="2">fei</subfield>
    <subfield code="9">3</subfield>
  </datafield>
  <datafield tag="100" ind1=" " ind2=" ">
    <subfield code="a">20061116d1571        0itac0103    ba</subfield>
  </datafield>
  <datafield tag="101" ind1=" " ind2=" ">
    <subfield code="a">ITA</subfield>
  </datafield>
  <datafield tag="102" ind1=" " ind2=" ">
    <subfield code="a">IT</subfield>
  </datafield>
  <datafield tag="200" ind1="1" ind2=" ">
    <subfield code="a">Lettera del secretario dell&apos;illustrissimo s. Giouan&apos;Andrea Doria. Nella quale si racconta la felicissima vittoria hauuta per il ser. d. Giouanni d&apos;austria generale della S. Lega contro l&apos;armata turchesca il di 7 d&apos;ottobre 1571. Insieme con l&apos;interrogationi fatte per il s. Giouanni de Soto segretario di s.a. sereniss. a Mahumet constantinopolitano maestro di creanza delli due figliuoli d&apos;Al Basci ̉generale dell&apos;armata del Turco, che furno presi nella detta giornata</subfield>
  </datafield>
  <datafield tag="210" ind1=" " ind2=" ">
    <subfield code="a">In Fiorenza</subfield>
    <subfield code="c">appresso Antonio Padouani</subfield>
    <subfield code="d">1571</subfield>
  </datafield>
  <datafield tag="215" ind1=" " ind2=" ">
    <subfield code="a">3 pt.</subfield>
    <subfield code="d">fol</subfield>
  </datafield>
  <datafield tag="300" ind1=" " ind2=" ">
    <subfield code="a">2: Vltima lettera con auisi particolari venuti da Messina al molto magnifico signor caualier Saracino, maiordomo del ser. sig. et gran principe di Toscana non piu scritti, per li quali si narra la vera cagione della vittoria ...3: Interrogationi fatte per il segretario del s. don Giouanni d&apos;Austria detto Gio. De Soto. A Maumet constantinopolitano maestro di creanze delli due figliuoli d&apos;Ali Bass ̉... In Fiorenza : per Antonio Padouani, 1571</subfield>
  </datafield>
  <datafield tag="423" ind1=" " ind2="0">
    <subfield code="1">001IT\ICCU\CNCE\068849</subfield>
    <subfield code="1">2001 </subfield>
    <subfield code="a">Vltima lettera con auisi particolari venuti da Messina al molto magnifico signor caualier Saracino, maiordomo del ser. sig. et gran principe di Toscana non piu scritti, per li quali si narra la vera cagione della vittoria ...</subfield>
  </datafield>
  <datafield tag="423" ind1=" " ind2="0">
    <subfield code="1">001IT\ICCU\CNCE\068852</subfield>
    <subfield code="1">2001 </subfield>
    <subfield code="a">Interrogationi fatte per il segretario del s. don Giouanni d1Austria detto Gio. De Soto. A Maumet constantinopolitano maestro di creanze delli due figliuoli d1Ali BassAa generale della armata del Turco ...</subfield>
  </datafield>
  <datafield tag="620" ind1=" " ind2=" ">
    <subfield code="a">IT</subfield>
    <subfield code="d">Firenze</subfield>
  </datafield>
  <datafield tag="702" ind1=" " ind2="1">
    <subfield code="a">Soto,</subfield>
    <subfield code="b">Juan : de</subfield>
    <subfield code="3">IT\ICCU\CNCA\015871</subfield>
  </datafield>
  <datafield tag="712" ind1="0" ind2="0">
    <subfield code="a">Padovani, Antonio</subfield>
    <subfield code="3">IT\ICCU\CNCT\001132</subfield>
    <subfield code="4">650</subfield>
  </datafield>
  <datafield tag="791" ind1="0" ind2="0">
    <subfield code="a">Patavinius, Antonius</subfield>
    <subfield code="3">IT\ICCU\CNCT\002265</subfield>
    <subfield code="z">Padovani, Antonio</subfield>
  </datafield>
  <datafield tag="791" ind1="0" ind2="0">
    <subfield code="a">Paduanius, Antonius</subfield>
    <subfield code="3">IT\ICCU\CNCT\004016</subfield>
    <subfield code="z">Padovani, Antonio</subfield>
  </datafield>
  <datafield tag="791" ind1="0" ind2="0">
    <subfield code="a">Padovanio, Antonio</subfield>
    <subfield code="3">IT\ICCU\CNCT\005235</subfield>
    <subfield code="z">Padovani, Antonio</subfield>
  </datafield>
  <datafield tag="791" ind1="0" ind2="0">
    <subfield code="a">Padovano, Antonio</subfield>
    <subfield code="3">IT\ICCU\CNCT\005236</subfield>
    <subfield code="z">Padovani, Antonio</subfield>
  </datafield>
  <datafield tag="791" ind1="0" ind2="0">
    <subfield code="a">Padovanius,  Antonius</subfield>
    <subfield code="3">IT\ICCU\CNCT\005238</subfield>
    <subfield code="z">Padovani, Antonio</subfield>
  </datafield>
  <datafield tag="801" ind1=" " ind2="3">
    <subfield code="a">IT</subfield>
    <subfield code="b">ICCU</subfield>
    <subfield code="c">20201115</subfield>
  </datafield>
  <datafield tag="899" ind1=" " ind2=" ">
    <subfield code="a">Biblioteca Apostolica Vaticana. Citt ̉del Vaticano</subfield>
    <subfield code="1">EX0001</subfield>
    <subfield code="2">ZCV 01</subfield>
  </datafield>
</record>
</collection>
